@misc{Weiser1991,
author = {Weiser, Mark},
title = {The computer for the 21st Century},
year = {1991}
}

@article{Weiser1993,
author = {Weiser, Mark},
number = {July},
title = {Some Computer Science Issues in Ubiquitous Computing},
year = {1993}
}

@article{Gubbi2013,
author = {Gubbi, Jayavardhana and Buyya, Rajkumar and Marusic, Slaven and Palaniswami, Marimuthu},
doi = {10.1016/j.future.2013.01.010},
issn = {0167739X},
journal = {Future Generation Computer Systems},
keywords = {cloud computing,internet of things,rfid,smart environments,ubiquitous sensing,wireless sensor networks},
month = sep,
number = {7},
pages = {1645--1660},
title = {{Internet of Things (IoT): A vision, architectural elements, and future directions}},
url = {http://linkinghub.elsevier.com/retrieve/pii/S0167739X13000241},
volume = {29},
year = {2013}
}

@misc{Cook2012,
abstract = {The remarkable recent progress in computing power, sensors and embedded devices, smart phones, wireless communications and networking technologies, combined with emerging data mining techniques, cloud computing and social networking paradigms has enabled us to create pervasive computing systems and services with diverse applications and global accessibility. In this paper, we assess the current state of the art of pervasive computing at scale (PeCS) and look ahead to future directions the field can pursue together with challenges it will need to overcome. ?? 2010 Elsevier B.V. All rights reserved.},
author = {Cook, Diane J. and Das, Sajal K.},
booktitle = {Pervasive and Mobile Computing},
doi = {10.1016/j.pmcj.2011.10.004},
isbn = {1574-1192},
issn = {15741192},
keywords = {Behavior modeling,Cloud computing,Energy harvesting,Internet of things,Smart environments,Smart phones},
pages = {22--35},
title = {{Pervasive computing at scale: Transforming the state of the art}},
volume = {8},
year = {2012}
}

@misc{wiki:AppStore,
   author = "Wikipedia",
   title = "App Store",
   year = "2014",
   url = "\url{http://en.wikipedia.org/w/index.php?title=App_store&oldid=621851236}",
   note = "[Online; accessed 19-Sep-2014]"
}

@misc{wiki:AppStore_iOS,
author = "Wikipedia",
title  = "App Store (iOS)",
year   = "2014",
url    = "\url{http://www.wikiwand.com/en/App_Store_(iOS)}",
note   = "[Online; accessed 2-Oct-2014]"
}

@misc{wiki:Docker_Software,
author = "Wikipedia",
title  = "Docker (software)",
year   = "2014",
url    = "\url{http://en.wikipedia.org/w/index.php?title=Docker_(software)&oldid=627669544}",
note   = "[Online; accessed 2-Oct-2014]"
}

@misc{wiki:Atom_TextEditor,
title  = "Atom (text editor)",
author = "Wikipedia",
year   = "2014",
url    = "\url{http://en.wikipedia.org/w/index.php?title=Atom_(text_editor)&oldid=627601143}",
note   = "[Online; accessed 2-Oct-2014]"
}

@misc{downloadcomfifteenyears,
  url = {\url{http://download.cnet.com/8301-2007_4-20121351-12/15-years-of-download.com-the-original-app-store/}},
  note = {Accessed July 21, 2014},
  title = {15 years of Download.com, the original App Store},
  author = {Rosenblatt, Seth}
}

@misc{murdock_how_package_management,
  url = {\url{http://ianmurdock.com/solaris/how-package-management-changed-everything/}},
  year = "2007",
  note = {Accessed August 31, 2014},
  title = {How package management changed everything},
  author = {Murdock, Ian}
}

@misc{dockerhub,
  author = "Docker",
  url = {\url{https://hub.docker.com}},
  note = {Accessed September 15, 2014},
  title = {Docker Hub}
}

@misc{modulecounts,
  author = "Erik DeBill",
  url = {\url{http://www.modulecounts.com/}},
  note = {Accessed November 13, 2014},
  title = {Modulecounts},
  year = {2014}
}


@misc{atomiorepo,
  author = "Atom.io",
  url = {\url{https://atom.io/packages}},
  note = {Accessed September 15, 2014},
  title = {Packages}
}

@misc{applefivehundrednatievapps,
  url = {\url{https://www.apple.com/pr/library/2008/07/10iPhone-3G-on-Sale-Tomorrow.html}},
  note = {Accessed July 21, 2014},
  title = {iPhone 3G on Sale Tomorrow},
  author = {AppleInc},
  year = {2008}
}

@misc{appstoretwelvemillionapps,
  url = {\url{http://techcrunch.com/2014/06/02/itunes-app-store-now-has-1-2-million-apps-has-seen-75-billion-downloads-to-date/}},
  note = {Accessed July 21, 2014},
  title = {iTunes App Store now has 1.2 million apps},
  author = {Perez, Sarah},
  year = {2014}
}

@misc{wpandroidhistory,
  author = "GoogleInc",
  url = {\url{http://en.wikipedia.org/w/index.php?title=Google_Play&oldid=633663827\#History_2}},
  note = {Accessed July 21, 2014},
  title = {Google Play History},
  year = {2014}
}

@incollection{Jansen,
  title={Defining App Stores: The Role of Curated Marketplaces in Software Ecosystems},
  author={Jansen, Slinger and Bloemendal, Ewoud},
  booktitle={Software Business. From Physical Products to Software Services and Solutions},
  pages={195--206},
  year={2013},
  publisher={Springer}
}

@article{Augusto2010,
address = {Boston, MA},
author = {Augusto, Juan Carlos and Nakashima, Hideyuki and Aghajan, Hamid},
doi = {10.1007/978-0-387-93808-0},
editor = {Nakashima, Hideyuki and Aghajan, Hamid and Augusto, Juan Carlos},
file = {:Users/bibek/Documents/Mendeley Desktop/0003.pdf:pdf},
isbn = {978-0-387-93807-3},
pages = {3--31},
publisher = {Springer US},
title = {{Handbook of Ambient Intelligence and Smart Environments}},
url = {http://link.springer.com/10.1007/978-0-387-93808-0},
year = {2010}
}

@article{Balamuralidhar2013,
author = {Balamuralidhar, P and Misra, Prateep and Pal, Arpan},
file = {:Users/bibek/Documents/Mendeley Desktop/1907-8305-1-PB.pdf:pdf},
title = {{Software Platforms for Internet of Things and M2M}},
volume = {93},
year = {2013}
}

@article{Pahl2014,
author = {Pahl, Marc-Oliver and Carle, Georg},
doi = {10.1109/NOMS.2014.6838362},
isbn = {978-1-4799-0913-1},
journal = {2014 IEEE Network Operations and Management Symposium (NOMS)},
month = may,
pages = {1--8},
publisher = {Ieee},
title = {{Crowdsourced context-modeling as key to future smart spaces}},
url = {http://ieeexplore.ieee.org/lpdocs/epic03/wrapper.htm?arnumber=6838362},
year = {2014}
}

@article{Resnick2000,
author = {Resnick, Paul and Zeckhauser, Richard and Friedman, Eric and Kuwabara, Ko},
file = {:Users/bibek/Documents/Mendeley Desktop/RZFK00.pdf:pdf},
number = {12},
pages = {45--48},
title = {{Reputation Systems}},
volume = {43},
year = {2000}
}

@book{Axelrod1984,
author = {Axelrod, R and Hamilton, WD},
booktitle = {Science},
file = {:Users/bibek/Documents/Mendeley Desktop/Axelrod(81)\_the\_evolution\_of\_cooperation.pdf:pdf},
title = {{The evolution of cooperation}},
url = {http://www.sciencemag.org/content/211/4489/1390.short},
year = {1984}
}

@article{Akerlof1970,
abstract = {I. Introduction, 488.--II. The model with automobiles as an example, 489.--III. Examples and applications, 492.--IV. Counteracting institutions, 499.--V. Conclusion, 500. CR - Copyright \&\#169; 1970 Oxford University Press},
author = {Akerlof, George a},
doi = {10.2307/1879431},
isbn = {155542015X},
issn = {00335533},
journal = {The Quarterly Journal of Economics},
pages = {488--500},
pmid = {1879431},
title = {{The Market for ``Lemons'': Quality Uncertainty and the Market Mechanism}},
volume = {84},
year = {1970}
}

@article{pahl2014distributed,
author = {Pahl, Marc-oliver},
title  = {{Distributed Smart Space Orchestration}},
year   = {2014}
}


@misc{playstore_versioning,
url = {\url{http://developer.android.com/tools/publishing/versioning.html}},
note = {Accessed September 16, 2014},
title = {Versioning your applications | Android Developers}
}

@misc{appstore_versioning,
url = {\url{https://developer.apple.com/library/ios/documentation/LanguagesUtilities/Conceptual/iTunesConnect_Guide/Chapters/ReplacingYourAppWithANewVersion.html}},
note = {Accessed September 16, 2014},
title = {iTunes Connect Developer Guide: Replacing Your App with a New Version}
}

@article{Szydlowski,
author = {Szydlowski, Martin and Egele, Manuel and Kruegel, Christopher and Vigna, Giovanni},
file = {:Users/bibek/Documents/Mendeley Desktop/2011\_Szydlowski\_Egele\_Kruegel\_Vigna\_iOSApps.pdf:pdf},
title = {{Challenges for Dynamic Analysis of iOS Applications}}
}

@misc{iphone_developer_license,
url = {\url{http://www.eff.org/files/20100302_iphone_dev_agr.pdf}},
note = {Accessed September 17, 2014},
title = {iPhone Developer Program License Agreement}
}

@misc{google_bouncer,
url = {\url{http://googlemobile.blogspot.de/2012/02/android-and-security.html}},
note = {Accessed September 17, 2014},
title = {Android and Security}
}

@book{farmer2010building,
  title={Building web reputation systems},
  author={Farmer, Randy and Glass, Bryce},
  year={2010},
  publisher={" O'Reilly Media, Inc."}
}

@misc{samver_versioning,
url = {\url{http://semver.org/}},
note = {Accessed September 30, 2014},
title = {Semantic Versioning}
}

@inproceedings{girardello2010explicit,
  title={Explicit and Implicit Ratings for Mobile Applications.},
  author={Girardello, Andrea and Michahelles, Florian},
  booktitle={GI Jahrestagung (1)},
  pages={606--612},
  year={2010},
  organization={Citeseer}
}

@misc{AppStoreReviewGuideline,
author = {Apple Incorporated},
url = {\url{https://developer.apple.com/app-store/review/guidelines/}},
note = {Accessed October 1, 2014},
title = {App Store Review Guidelines}
}

@article{Kang2014,
author = {Kang, Kai and Pang, Zhibo and Xu, Li Da and Member, Senior and Ma, Liya and Wang, Cong},
number = {2},
pages = {1516--1526},
title = {{An Interactive Trust Model for Application Market of the Internet of Things}},
volume = {10},
year = {2014}
}

@inproceedings{dixon2010home,
  title={The home needs an operating system (and an app store)},
  author={Dixon, Colin and Mahajan, Ratul and Agarwal, Sharad and Brush, AJ and Lee, Bongshin and Saroiu, Stefan and Bahl, Victor},
  booktitle={Proceedings of the 9th ACM SIGCOMM Workshop on Hot Topics in Networks},
  pages={18},
  year={2010},
  organization={ACM}
}

@article{lim2012successful,
  title={How to be a successful app developer: lessons from the simulation of an app ecosystem},
  author={Lim, Soo Ling and Bentley, Peter J},
  journal={ACM SIGEVOlution},
  volume={6},
  number={1},
  pages={2--15},
  year={2012},
  publisher={ACM}
}

@inproceedings{pahl2013missing,
  title={The missing layer—Virtualizing smart spaces},
  author={Pahl, M-O and Carle, Georg},
  booktitle={Pervasive Computing and Communications Workshops (PERCOM Workshops), 2013 IEEE International Conference on},
  pages={139--144},
  year={2013},
  organization={IEEE}
}

@article{page1999pagerank,
  title={The PageRank citation ranking: Bringing order to the web.},
  author={Page, Lawrence and Brin, Sergey and Motwani, Rajeev and Winograd, Terry},
  year={1999},
  publisher={Stanford InfoLab}
}

@article{warriach2013state,
  title={State of the Art: Embedded Middleware Platform for A Smart Home.},
  author={Warriach, Ehsan Ullah},
  journal={International Journal of Smart Home},
  volume={7},
  number={6},
  year={2013}
}

@article{claypool2001inferring,
  title={Inferring user interest},
  author={Claypool, Mark and Brown, David and Le, Phong and Waseda, Makoto},
  journal={Internet Computing, IEEE},
  volume={5},
  number={6},
  pages={32--39},
  year={2001},
  publisher={IEEE}
}

@article{Podkopajev2012,
author = {Podkopajev, Pavel},
file = {:Users/bibek/Documents/Mendeley Desktop/kth-ex1.pdf:pdf},
title = {{A Market for the Smart Environment}},
year = {2012}
}

@inproceedings{pagano2013user,
  title={User feedback in the appstore: An empirical study},
  author={Pagano, Dennis and Maalej, Walid},
  booktitle={Requirements Engineering Conference (RE), 2013 21st IEEE International},
  pages={125--134},
  year={2013},
  organization={IEEE}
}

@inproceedings{chen2011predicting,
  title={Predicting popularity of online distributed applications: iTunes app store case analysis},
  author={Chen, Miao and Liu, Xiaozong},
  booktitle={Proceedings of the 2011 iConference},
  pages={661--663},
  year={2011},
  organization={ACM}
}

@inproceedings{dabbish2012social,
  title={Social coding in GitHub: transparency and collaboration in an open software repository},
  author={Dabbish, Laura and Stuart, Colleen and Tsay, Jason and Herbsleb, Jim},
  booktitle={Proceedings of the ACM 2012 conference on Computer Supported Cooperative Work},
  pages={1277--1286},
  year={2012},
  organization={ACM}
}

@article{labelle2004inter,
  title={Inter-package dependency networks in open-source software},
  author={LaBelle, Nathan and Wallingford, Eugene},
  journal={arXiv preprint cs/0411096},
  year={2004}
}

@article{myers2003software,
  title={Software systems as complex networks: Structure, function, and evolvability of software collaboration graphs},
  author={Myers, Christopher R},
  journal={Physical Review E},
  volume={68},
  number={4},
  pages={046116},
  year={2003},
  publisher={APS}
}

@article{newman2002assortative,
  title={Assortative mixing in networks},
  author={Newman, Mark EJ},
  journal={Physical review letters},
  volume={89},
  number={20},
  pages={208701},
  year={2002},
  publisher={APS}
}

@article{castiglione2006agent,
  title={Agent based modeling},
  author={Castiglione, Filippo},
  journal={Scholarpedia},
  volume={1},
  number={10},
  pages={1562},
  year={2006}
}

@inproceedings{lin2009operating,
  title={Operating system battle in the ecosystem of smartphone industry},
  author={Lin, Feida and Ye, Weiguo},
  booktitle={Information Engineering and Electronic Commerce, 2009. IEEC'09. International Symposium on},
  pages={617--621},
  year={2009},
  organization={IEEE}
}